@book{adler,
  author = {Adler, Samuel},
  title = {The Study of Orchestration},
  edition = {{\addfontfeature{Numbers=Lining} 4th~ed}},
  publisher = {W. W. Norton},
  location = {New York},
  date = {2016},
  isbn = {9780393920659},
  lccn = {2016018709}
}

@book{blatter,
  author = {Blatter, Alfred},
  title = {Instrumentation and Orchestration},
  edition = {{\addfontfeature{Numbers=Lining} 2nd~ed}},
  publisher = {Schirmer},
  location = {Boston},
  date = {1997},
  isbn = {0028645707},
  lccn = {96033608}
}

@book{forsyth,
  author = {Forsyth, Cecil},
  title = {Orchestration},
  edition = {{\addfontfeature{Numbers=Lining} 2nd~ed}},
  series = {Musicianâ€™s Library},
  publisher = {Macmillan and Co., Limited},
  location = {London},
  date = {1935},
  lccn = {36027231}
}

@online{vienna-academy,
  author = {{Vienna Symphonic Library GmbH}},
  title = {Vienna Academy},
  year = {2022},
  url = {https://www.vsl.info/en/academy/}
}
